% -----------------------------------------------------------------------
% File: CogSci_Template.bib
% -----------------------------------------------------------------------

% Modified : Eli M. Silk (esilk at pitt.edu)            05/24/2005
% Modified : David Noelle (dnoelle at ucmerced.edu)     11/19/2014


@misc{dippl,
  title = {{The Design and Implementation of Probabilistic Programming Languages}},
  author = {Goodman, Noah D and Stuhlm\"{u}ller, Andreas},
  year = {2014},
  howpublished = {\url{http://dippl.org}},
  note = {Accessed: 2020-5-20}
}

@article{neal2001annealed,
  title={Annealed importance sampling},
  author={Neal, Radford M},
  journal={Statistics and computing},
  volume={11},
  number={2},
  pages={125--139},
  year={2001},
  publisher={Springer}
}

@inproceedings{goodman2009cause,
  title={Cause and intent: Social reasoning in causal learning},
  author={Goodman, Noah D and Baker, Chris L and Tenenbaum, Joshua B},
  booktitle={Proceedings of the 31st annual conference of the Cognitive Science Society},
  pages={2759--2764},
  year={2009},
  organization={Citeseer}
}

@article{butler2012preschoolers,
  title={Preschoolers use intentional and pedagogical cues to guide inductive inferences and exploration},
  author={Butler, Lucas P and Markman, Ellen M},
  journal={Child Development},
  volume={83},
  number={4},
  pages={1416--1428},
  year={2012},
  publisher={Wiley Online Library}
}

@article{prasada2019instance,
  title={Instance-of-object-kind representations},
  author={Prasada, Sandeep and Hall, D Geoffrey},
  journal={Cognition},
  volume={189},
  pages={209--220},
  year={2019},
  publisher={Elsevier}
}

@article{gopnik2001causal,
  title={Causal learning mechanisms in very young children: Two-, three-, and four-year-olds infer causal relations from patterns of variation and covariation.},
  author={Gopnik, Alison and Sobel, David M and Schulz, Laura E and Glymour, Clark},
  journal={Developmental psychology},
  volume={37},
  number={5},
  pages={620},
  year={2001},
  publisher={American Psychological Association}
}

@article{tenenbaum2006theory,
  title={Theory-based Bayesian models of inductive learning and reasoning},
  author={Tenenbaum, Joshua B and Griffiths, Thomas L and Kemp, Charles},
  journal={Trends in cognitive sciences},
  volume={10},
  number={7},
  pages={309--318},
  year={2006},
  publisher={Elsevier}
}

@article{gopnik2004theory,
  title={A theory of causal learning in children: causal maps and Bayes nets.},
  author={Gopnik, Alison and Glymour, Clark and Sobel, David M and Schulz, Laura E and Kushnir, Tamar and Danks, David},
  journal={Psychological review},
  volume={111},
  number={1},
  pages={3},
  year={2004},
  publisher={American Psychological Association}
}

@article{gweon201116,
  title={16-month-olds rationally infer causes of failed actions},
  author={Gweon, Hyowon and Schulz, Laura},
  journal={Science},
  volume={332},
  number={6037},
  pages={1524--1524},
  year={2011},
  publisher={American Association for the Advancement of Science}
}

@article{shafto2012learning,
  title={Learning from others: The consequences of psychological reasoning for human learning},
  author={Shafto, Patrick and Goodman, Noah D and Frank, Michael C},
  journal={Perspectives on Psychological Science},
  volume={7},
  number={4},
  pages={341--351},
  year={2012},
  publisher={Sage Publications Sage CA: Los Angeles, CA}
}


@article{carlson1977reference,
  title={Reference to kinds in {E}nglish},
  author={Carlson, Gregory N},
  journal={PhD thesis, University of Massachusetts},
  year={1977}
}

@article{gweon2010infants,
  title={Infants consider both the sample and the sampling process in inductive generalization},
  author={Gweon, Hyowon and Tenenbaum, Joshua B and Schulz, Laura E},
  journal={Proceedings of the National Academy of Sciences},
  volume={107},
  number={20},
  pages={9066--9071},
  year={2010},
  publisher={National Acad Sciences}
}

@article{leslie2007generics,
  title={Generics and the structure of the mind},
  author={Leslie, Sarah-Jane},
  journal={Philosophical perspectives},
  volume={21},
  pages={375--403},
  year={2007},
  publisher={JSTOR}
}

@article{tessler2019language,
  title={The language of generalization.},
  author={Tessler, Michael Henry and Goodman, Noah D},
  journal={Psychological review},
  volume={126},
  number={3},
  pages={395},
  year={2019},
  publisher={American Psychological Association}
}

@misc{tessler2020learning,
 title={Learning from Generic Language},
 url={psyarxiv.com/hnm8p},
 publisher={PsyArXiv},
 author={Tessler, Michael H and Goodman, Noah D},
 year={2019}
}

@article{csibra2015nonverbal,
  title={Nonverbal generics: Human infants interpret objects as symbols of object kinds},
  author={Csibra, Gergely and Shamsudheen, Rubeena},
  journal={Annual review of psychology},
  volume={66},
  pages={689--710},
  year={2015},
  publisher={Annual Reviews}
}

@article{meyer2013pointing,
  title={Pointing as a socio-pragmatic cue to particular vs. generic reference},
  author={Meyer, Meredith and Baldwin, Dare A},
  journal={Language Learning and Development},
  volume={9},
  number={3},
  pages={245--265},
  year={2013},
  publisher={Taylor \& Francis}
}

@article{Gelman2002,
author = {Gelman, Susan A. and Star, Jon R. and Flukes, Jonathan E.},
journal = {Journal of Cognition and Development},
number = {2},
pages = {179--199},
title = {{Children's Use of Generics in Inductive Inferences}},
volume = {3},
year = {2002}
}

@article{Cimpian2010a,
author = {Cimpian, Andrei and Brandone, Amanda C and Gelman, Susan A},
doi = {10.1111/j.1551-6709.2010.01126.x.Generic},
journal = {Cognitive science},
number = {8},
pages = {1--30},
title = {{Generic statements require little evidence for acceptance but have powerful implications}},
volume = {34},
year = {2010}
}

@article{bonawitz2011double,
  title={The double-edged sword of pedagogy: Instruction limits spontaneous exploration and discovery},
  author={Bonawitz, Elizabeth and Shafto, Patrick and Gweon, Hyowon and Goodman, Noah D and Spelke, Elizabeth and Schulz, Laura},
  journal={Cognition},
  volume={120},
  number={3},
  pages={322--330},
  year={2011},
  publisher={Elsevier}
}

@article{Brandone2014,
author = {Brandone, Amanda C and Gelman, Susan A and Hedglen, Jenna},
doi = {10.1111/cogs.12176},
issn = {1551-6709},
journal = {Cognitive science},
pages = {1--28},
pmid = {25297340},
title = {{Children's Developing Intuitions About the Truth Conditions and Implications of Novel Generics Versus Quantified Statements.}},
url = {http://www.ncbi.nlm.nih.gov/pubmed/25297340},
year = {2014}
}

@article{lassiter2017adjectival,
  title={Adjectival vagueness in a Bayesian model of interpretation},
  author={Lassiter, Daniel and Goodman, Noah D},
  journal={Synthese},
  volume={194},
  number={10},
  pages={3801--3836},
  year={2017},
  publisher={Springer}
}

@incollection{grice1975logic,
  title={Logic and conversation},
  author={Grice, Herbert P},
  booktitle={Speech acts},
  pages={41--58},
  year={1975},
  publisher={Brill}
}

@article{vanrooij2019generics,
  title={Generics and typicality: a bounded rationality approach},
  author={van Rooij, Robert and Schulz, Katrin},
  journal={Linguistics and Philosophy},
  pages={1--35},
  year={2020},
  publisher={Springer}
}

@article{csibra2009natural,
  title={Natural pedagogy},
  author={Csibra, Gergely and Gergely, Gy{\"o}rgy},
  journal={Trends in cognitive sciences},
  volume={13},
  number={4},
  pages={148--153},
  year={2009},
  publisher={Elsevier}
}
@inproceedings{kushnir2016translating,
  title={Translating testimonial claims into evidence for category-based induction.},
  author={Kushnir, Tamar and Gelman, Susan},
  booktitle={CogSci},
  year={2016}
}

% -----------------------------------------------------------------------
% Document End
% -----------------------------------------------------------------------
